@book{raschka2019hands,
  title={Hands-on Time Series Analysis with Python: From Basics to Bleeding Edge Techniques},
  author={Raschka, Sebastian and Mirjalili, Vahid},
  year={2019},
  publisher={O'Reilly Media}
}



@book{hong2019core,
  title={Core Concepts and Methods in Load Forecasting},
  author={Hong, Tao},
  year={2019},
  publisher={Springer}
}



@book{mckinney2017python,
  title={Python for Data Analysis},
  author={McKinney, Wes},
  year={2017},
  publisher={O'Reilly Media}
}

@misc{eu_renewable_energy,
  title = {{Renewable Energy Targets}},
  author = {{European Commission}},
  howpublished = {\url{https://energy.ec.europa.eu/topics/renewable-energy/renewable-energy-directive-targets-and-rules/renewable-energy-targets_en}},
  year = {Accessed April 2024}
}

@misc{medium_time_series_forecasting,
  title = {{Time Series Forecasting: ARIMA and SARIMA}},
  author = {{Medium}},
  howpublished = {\url{https://medium.com/latinxinai/time-series-forecasting-arima-and-sarima-450fb18a9941}},
  year = {Accessed April 2024}
}

@article{enders2014introduction,
  title={An Introduction to ARIMA Models},
  author={Enders, Walter},
  year={2014},
  journal={Journal of Time Series Analysis},
  volume={35},
  number={1},
  pages={3--9}
}

@article{raval2018forecasting,
  title={Forecasting Financial Time Series Using ARIMA vs. LSTM},
  author={Raval, N. and others},
  year={2018},
  journal={Journal of Finance and Economics},
  volume={42},
  number={3},
  pages={245--259}
}
